@misc{3,
  title = {{RSA Algorithm}},
  howpublished = "\url{https://www.di-mgt.com.au/rsa_alg.html}",
  }
@misc{1,
  title = {{Euclidean algorithm}},
  howpublished = "\url{https://en.wikipedia.org/wiki/Euclidean_algorithm}",
  }
@misc{2,
  title = {{Euclidean algorithm in daily life}},
  howpublished = "\url{https://www.quora.com/What-are-the-use-of-Euclidean-algorithm-in-daily-life}",
  }  
  